@article{martinez2022software,
  title={Software engineering for AI-based systems: a survey},
  author={Mart{\'\i}nez-Fern{\'a}ndez, Silverio and Bogner, Justus and Franch, Xavier and Oriol, Marc and Siebert, Julien and Trendowicz, Adam and Vollmer, Anna Maria and Wagner, Stefan},
  journal={ACM Transactions on Software Engineering and Methodology (TOSEM)},
  volume={31},
  number={2},
  pages={1--59},
  year={2022},
  publisher={ACM New York, NY}
}
@article{gervasi2019ambiguity,
  title={Ambiguity in requirements engineering: towards a unifying framework},
  author={Gervasi, Vincenzo and Ferrari, Alessio and Zowghi, Didar and Spoletini, Paola},
  journal={From Software Engineering to Formal Methods and Tools, and Back: Essays Dedicated to Stefania Gnesi on the Occasion of Her 65th Birthday},
  pages={191--210},
  year={2019},
  publisher={Springer}
}
@article{akbar2020systematic,
  title={A systematic study to improve the requirements engineering process in the domain of global software development},
  author={Akbar, Muhammad Azeem and Alsanad, Ahmed and Mahmood, Sajjad and Alsanad, Abeer Abdulaziz and Gumaei, Abdu},
  journal={IEEE Access},
  volume={8},
  pages={53374--53393},
  year={2020},
  publisher={IEEE}
}