@INPROCEEDINGS{versioncontrol,
  author={Machowski, Lukasz and Marwala, Tshilidzi},
  booktitle={2021 Ethics and Explainability for Responsible Data Science (EE-RDS)}, 
  title={Nano Version Control and the Repo as the Next Data Structure in Computer Science and Artificial Intelligence}, 
  year={2021},
  volume={},
  number={},
  pages={1-7},
  doi={10.1109/EE-RDS53766.2021.9708575}}


@INPROCEEDINGS{testing,
  author={Afzal, Afsoon and Goues, Claire Le and Hilton, Michael and Timperley, Christopher Steven},
  booktitle={2020 IEEE 13th International Conference on Software Testing, Validation and Verification (ICST)}, 
  title={A Study on Challenges of Testing Robotic Systems}, 
  year={2020},
  volume={},
  number={},
  pages={96-107},
  doi={10.1109/ICST46399.2020.00020}}

@article{sentimentanalysis,
author = {Wankhade, Mayur and Rao, Annavarapu Chandra Sekhara and Kulkarni, Chaitanya},
title = {A Survey on Sentiment Analysis Methods, Applications, and Challenges},
year = {2022},
issue_date = {Oct 2022},
publisher = {Kluwer Academic Publishers},
address = {USA},
volume = {55},
number = {7},
issn = {0269-2821},
url = {https://doi.org/10.1007/s10462-022-10144-1},
doi = {10.1007/s10462-022-10144-1},
journal = {Artif. Intell. Rev.},
month = {oct},
pages = {5731â€“5780},
numpages = {50},
keywords = {Word embedding, Machine learning, Sentiment analysis, Social media, Text analysis}
}

@misc{boundaryvaluetesting,
      title={Automated Black-Box Boundary Value Detection}, 
      author={Felix Dobslaw and Robert Feldt and Francisco de Oliveira Neto},
      year={2022},
      eprint={2207.09065},
      archivePrefix={arXiv},
      primaryClass={cs.SE}
}


@article{securityprivacy,
author = {Al-Turjman, Fadi and Zahmatkesh, Hadi and Shahroze, Ramiz},
title = {An overview of security and privacy in smart cities' IoT communications},
journal = {Transactions on Emerging Telecommunications Technologies},
volume = {33},
number = {3},
pages = {e3677},
doi = {https://doi.org/10.1002/ett.3677},
url = {https://onlinelibrary.wiley.com/doi/abs/10.1002/ett.3677},
eprint = {https://onlinelibrary.wiley.com/doi/pdf/10.1002/ett.3677},
note = {e3677 ETT-19-0133.R1},
year = {2022}
}


@article{projectmanagement,
  title={Project management: openings for disruption from AI and advanced analytics},
  author={Niederman, Fred},
  journal={Information Technology \& People},
  volume={34},
  number={6},
  pages={1570--1599},
  year={2021},
  publisher={Emerald Publishing Limited},
  doi={10.1108/ITP-09-2020-0639},
  url={https://doi.org/10.1108/ITP-09-2020-0639},
}
