@inproceedings{hourani2019impact,
  title={The impact of artificial intelligence on software testing},
  author={Hourani, Hussam and Hammad, Ahmad and Lafi, Mohammad},
  booktitle={2019 IEEE Jordan International Joint Conference on Electrical Engineering and Information Technology (JEEIT)},
  pages={565--570},
  year={2019},
  organization={IEEE}
}


@article{durelli2019machine,
  title={Machine learning applied to software testing: A systematic mapping study},
  author={Durelli, Vinicius HS and Durelli, Rafael S and Borges, Simone S and Endo, Andre T and Eler, Marcelo M and Dias, Diego RC and Guimar{\~a}es, Marcelo P},
  journal={IEEE Transactions on Reliability},
  volume={68},
  number={3},
  pages={1189--1212},
  year={2019},
  publisher={IEEE}
}

@article{fujii2020guidelines,
  title={Guidelines for quality assurance of machine learning-based artificial intelligence},
  author={Fujii, Gaku and Hamada, Koichi and Ishikawa, Fuyuki and Masuda, Satoshi and Matsuya, Mineo and Myojin, Tomoyuki and Nishi, Yasuharu and Ogawa, Hideto and Toku, Takahiro and Tokumoto, Susumu and others},
  journal={International journal of software engineering and knowledge engineering},
  volume={30},
  number={11n12},
  pages={1589--1606},
  year={2020},
  publisher={World Scientific}
}