@article{ref1,
  title={Physical layer protection for ADS-B against spoofing and jamming},
  author={Rudys, Saulius and Aleksandravicius, Jurgis and Aleksiejunas, Rimvydas and Konovaltsev, Andriy and Zhu, Chen and Greda, Lukasz},
  journal={International Journal of Critical Infrastructure Protection},
  volume={38},
  pages={100555},
  year={2022},
  publisher={Elsevier}
}


@inproceedings{ref2,
  title={Simulating ADS-B attacks in air traffic management},
  author={Bl{\aa}berg, Anton and Lindahl, Gustav and Gurtov, Andrei and Josefsson, Billy},
  booktitle={2020 AIAA/IEEE 39th Digital Avionics Systems Conference (DASC)},
  pages={1--10},
  year={2020},
  organization={IEEE}
}

@article{ref3,
  title={MLPAM: A machine learning and probabilistic analysis based model for preserving security and privacy in cloud environment},
  author={Gupta, Ishu and Gupta, Rishabh and Singh, Ashutosh Kumar and Buyya, Rajkumar},
  journal={IEEE Systems Journal},
  volume={15},
  number={3},
  pages={4248--4259},
  year={2020},
  publisher={IEEE}
}
