@article{vinuesa2021interpretable,
  title={Interpretable deep-learning models to help achieve the Sustainable Development Goals},
  author={Vinuesa, Ricardo and Sirmacek, Beril},
  journal={Nature Machine Intelligence},
  volume={3},
  number={11},
  pages={926--926},
  year={2021},
  publisher={Nature Publishing Group UK London}
}

@article{shakya2020reliable,
  title={Reliable automated software testing through hybrid optimization algorithm},
  author={Shakya, Subarna and Smys, Smys},
  journal={Journal of Ubiquitous computing and communication technologies (UCCT)},
  volume={2},
  number={03},
  pages={126--135},
  year={2020}
}