@article{Goodman2017,
	year = 2017,
	publisher = {Wiley},
	volume = {38},
	number = {3},
	pages = {50--57},
	author = {Bryce Goodman and Seth Flaxman},
	title = {European Union Regulations on Algorithmic Decision-Making and a {\textquotedblleft}Right to Explanation{\textquotedblright}
},
	journal = {{AI} Magazine}
}

@article{LakkarajuKCL17,
  author    = {Himabindu Lakkaraju and
               Ece Kamar and
               Rich Caruana and
               Jure Leskovec},
  title     = {Interpretable {\&} Explorable Approximations of Black Box Models},
  journal   = {CoRR},
  volume    = {abs/1707.01154},
  year      = {2017},
  timestamp = {Tue, 05 Jul 2022 08:30:27 +0200},
  bibsource = {dblp computer science bibliography, https://dblp.org}
}

@article{Bias_Fairness,
author = {Mehrabi, Ninareh and Morstatter, Fred and Saxena, Nripsuta and Lerman, Kristina and Galstyan, Aram},
title = {A Survey on Bias and Fairness in Machine Learning},
year = {2021},
issue_date = {July 2022},
publisher = {Association for Computing Machinery},
address = {New York, NY, USA},
volume = {54},
number = {6},
issn = {0360-0300},
journal = {ACM Comput. Surv.},
articleno = {115},
numpages = {35}
}

@Article{a13010017,
AUTHOR = {Pintelas, Emmanuel and Livieris, Ioannis E. and Pintelas, Panagiotis},
TITLE = {A Grey-Box Ensemble Model Exploiting Black-Box Accuracy and White-Box Intrinsic Interpretability},
JOURNAL = {Algorithms},
VOLUME = {13},
YEAR = {2020},
NUMBER = {1},
ARTICLE-NUMBER = {17},
ISSN = {1999-4893},
}

@Article{Mori2019,
author={Mori, Toshiki
and Uchihira, Naoshi},
title={Balancing the trade-off between accuracy and interpretability in software defect prediction},
journal={Empirical Software Engineering},
year={2019},
day={01},
volume={24},
number={2},
pages={779-825},
issn={1573-7616},
}

@inproceedings{lime,
  author    = {Marco Tulio Ribeiro and
               Sameer Singh and
               Carlos Guestrin},
  title     = {"Why Should {I} Trust You?": Explaining the Predictions of Any Classifier},
  booktitle = {Proceedings of the 22nd {ACM} {SIGKDD} International Conference on
               Knowledge Discovery and Data Mining, San Francisco, CA, USA, August
               13-17, 2016},
  pages     = {1135--1144},
  year      = {2016},
}

@incollection{shap,
title = {A Unified Approach to Interpreting Model Predictions},
author = {Lundberg, Scott M and Lee, Su-In},
booktitle = {Advances in Neural Information Processing Systems 30},
editor = {I. Guyon and U. V. Luxburg and S. Bengio and H. Wallach and R. Fergus and S. Vishwanathan and R. Garnett},
pages = {4765--4774},
year = {2017},
publisher = {Curran Associates, Inc.},
url = {http://papers.nips.cc/paper/7062-a-unified-approach-to-interpreting-model-predictions.pdf}
}

@article{PDP_article,
author = {Friedman, Jerome},
year = {2001},
month = {10},
pages = {1189-1232},
title = {Greedy Function Approximation: A Gradient Boosting Machine},
volume = {29},
journal = {Annals of Statistics},
doi = {10.2307/2699986}
}

@article{ALE_Apley,
title = "Visualizing the effects of predictor variables in black box supervised learning models",
author = "Apley, {Daniel W.} and Jingyu Zhu",
year = "2020",
month = sep,
day = "1",
doi = "10.1111/rssb.12377",
language = "English (US)",
volume = "82",
pages = "1059--1086",
journal = "Journal of the Royal Statistical Society. Series B: Statistical Methodology",
issn = "1369-7412",
publisher = "Wiley-Blackwell",
number = "4",
}

@inproceedings{anchors,
 author = {Marco Tulio Ribeiro and Sameer Singh and Carlos Guestrin},
 title = { Anchors: High-Precision Model-Agnostic Explanations },
 booktitle = {AAAI Conference on Artificial Intelligence (AAAI)},
 year = {2018}
}

@inproceedings{Saunders_1999,
author = {Saunders, Craig and Gammerman, Alexander and Vovk, Volodya},
title = {Transduction with Confidence and Credibility},
year = {1999},
isbn = {1558606130},
publisher = {Morgan Kaufmann Publishers Inc.},
address = {San Francisco, CA, USA},
booktitle = {Proceedings of the Sixteenth International Joint Conference on Artificial Intelligence},
pages = {722–726},
numpages = {5},
series = {IJCAI '99}
}

@inproceedings{Gammerman_1998,
author = {Gammerman, A. and Vovk, V. and Vapnik, V.},
title = {Learning by Transduction},
year = {1998},
isbn = {155860555X},
publisher = {Morgan Kaufmann Publishers Inc.},
address = {San Francisco, CA, USA},
booktitle = {Proceedings of the Fourteenth Conference on Uncertainty in Artificial Intelligence},
pages = {148–155},
numpages = {8},
location = {Madison, Wisconsin},
series = {UAI'98}
}

@inbook{ARCHITECTURE,
author = { DAVID   GARLAN  and  MARY   SHAW },
title = {AN INTRODUCTION TO SOFTWARE ARCHITECTURE},
booktitle = {Advances in Software Engineering and Knowledge Engineering},
chapter = {},
pages = {1-39},
doi = {10.1142/9789812798039_0001}
}

@unknown{software_architecture_wan,
author = {Wan, Zhiyuan and Zhang, Yun and Xia, Xin and Jiang, Yi and Lo, David},
year = {2023},
month = {08},
pages = {},
title = {Software Architecture in Practice: Challenges and Opportunities}
}

@INPROCEEDINGS{8843447,
  author={Reddivari, Sandeep and Raman, Jayalakshmi},
  booktitle={2019 IEEE 20th International Conference on Information Reuse and Integration for Data Science (IRI)}, 
  title={Software Quality Prediction: An Investigation Based on Machine Learning}, 
  year={2019},
  volume={},
  number={},
  pages={115-122},
  doi={10.1109/IRI.2019.00030}}

@INPROCEEDINGS{9609199,
  author={Lewis, Grace A. and Ozkaya, Ipek and Xu, Xiwei},
  booktitle={2021 IEEE International Conference on Software Maintenance and Evolution (ICSME)}, 
  title={Software Architecture Challenges for ML Systems}, 
  year={2021},
  volume={},
  number={},
  pages={634-638},
  doi={10.1109/ICSME52107.2021.00071}}

