@book{dignum2019responsible,
  title={Responsible artificial intelligence: how to develop and use AI in a responsible way},
  author={Dignum, Virginia},
  volume={2156},
  year={2019},
  publisher={Springer}
}


@article{design2019vision,
  title={A Vision for Prioritizing Human Well-being with Autonomous and Intelligent Systems},
  author={Design, Ethically Aligned},
  journal={Report (The IEEE Global Initiative for Ethical Considerations in Artificial Intelligence and Autonomous Systems, 2018)},
  year={2019}
}

@article{chatila2018ethically,
  title={Ethically aligned design: A vision for prioritizing human well-being with autonomous and intelligent systems version 2},
  author={Chatila, Raja and Firth-Butterfield, Kay and Havens, John C},
  journal={University of southern California Los Angeles},
  year={2018}
}

@book{pressman2005software,
  title={Software engineering: a practitioner's approach},
  author={Pressman, Roger S},
  year={2005},
  publisher={Palgrave macmillan}
}

@inproceedings{sedelmaier2014software,
  title={Software engineering body of skills (SWEBOS)},
  author={Sedelmaier, Yvonne and Landes, Dieter},
  booktitle={2014 IEEE Global Engineering Education Conference (EDUCON)},
  pages={395--401},
  year={2014},
  organization={IEEE}
}

@article{abran2004software,
  title={Software engineering body of knowledge},
  author={Abran, Alain and Moore, James W and Bourque, Pierre and Dupuis, Robert and Tripp, L},
  journal={IEEE Computer Society, Angela Burgess},
  volume={25},
  year={2004}
}

@inproceedings{mcmanus2004stakeholder,
  title={A stakeholder perspective within software engineering projects},
  author={McManus, John},
  booktitle={2004 IEEE International Engineering Management Conference (IEEE Cat. No. 04CH37574)},
  volume={2},
  pages={880--884},
  year={2004},
  organization={IEEE}
}

@inproceedings{islam2021software,
  title={Software Engineering Methods for Responsible Artificial Intelligence},
  author={Islam, Zahoor Ul},
  booktitle={Proceedings of the 20th International Conference on Autonomous Agents and MultiAgent Systems},
  pages={1814--1815},
  year={2021}
}

@article{kilian2020white,
  title={WHITE PAPER On Artificial Intelligence-A European approach to excellence and trust},
  author={Kilian, GROSS},
  year={2020},
  publisher={Frontex: European Border and Coast Guard Agency}
}

@article{hleg2020assessment,
  title={Assessment list for trustworthy artificial intelligence (altai) for self-assessment},
  author={HLEG, AI},
  journal={High Level Expert Group on Artificial Intelligence. B-1049 Brussels},
  year={2020}
}

@inproceedings{martinez2021developing,
  title={Developing and operating artificial intelligence models in trustworthy autonomous systems},
  author={Mart{\'\i}nez-Fern{\'a}ndez, Silverio and Franch, Xavier and Jedlitschka, Andreas and Oriol, Marc and Trendowicz, Adam},
  booktitle={International Conference on Research Challenges in Information Science},
  pages={221--229},
  year={2021},
  organization={Springer}
}

@article{baxter2011socio,
  title={Socio-technical systems: From design methods to systems engineering},
  author={Baxter, Gordon and Sommerville, Ian},
  journal={Interacting with computers},
  volume={23},
  number={1},
  pages={4--17},
  year={2011},
  publisher={OUP}
}

@article{aldewereld2015design,
  title={Design for values in software development},
  author={Aldewereld, Huib and Dignum, Virginia and Tan, Yao-hua},
  journal={Handbook of Ethics, Values, and Technological Design: Sources, Theory, Values and Application Domains},
  pages={831--845},
  year={2015},
  publisher={Springer}
}

@article{umbrello2021mapping,
  title={Mapping value sensitive design onto AI for social good principles},
  author={Umbrello, Steven and Van de Poel, Ibo},
  journal={AI and Ethics},
  volume={1},
  number={3},
  pages={283--296},
  year={2021},
  publisher={Springer}
}

@article{li2023trustworthy,
  title={Trustworthy AI: From principles to practices},
  author={Li, Bo and Qi, Peng and Liu, Bo and Di, Shuai and Liu, Jingen and Pei, Jiquan and Yi, Jinfeng and Zhou, Bowen},
  journal={ACM Computing Surveys},
  volume={55},
  number={9},
  pages={1--46},
  year={2023},
  publisher={ACM New York, NY}
}

@incollection{chang2022understanding,
  title={Understanding Implementation Challenges in Machine Learning Documentation},
  author={Chang, Jiyoo and Custis, Christine},
  booktitle={Equity and Access in Algorithms, Mechanisms, and Optimization},
  pages={1--8},
  year={2022}
}

@article{konigstorfer2021software,
  title={Software documentation is not enough! Requirements for the documentation of AI},
  author={K{\"o}nigstorfer, Florian and Thalmann, Stefan},
  journal={Digital Policy, Regulation and Governance},
  volume={23},
  number={5},
  pages={475--488},
  year={2021},
  publisher={Emerald Publishing Limited}
}

@article{piorkowski2020towards,
  title={Towards evaluating and eliciting high-quality documentation for intelligent systems. arXiv [cs. SE]},
  author={Piorkowski, D and Gonz{\'a}lez, D and Richards, J and Houde, S},
  year={2020}
}

@article{barenkamp2020applications,
  title={Applications of AI in classical software engineering},
  author={Barenkamp, Marco and Rebstadt, Jonas and Thomas, Oliver},
  journal={AI Perspectives},
  volume={2},
  number={1},
  pages={1},
  year={2020},
  publisher={Springer}
}

@inproceedings{feldt2018ways,
  title={Ways of applying artificial intelligence in software engineering},
  author={Feldt, Robert and de Oliveira Neto, Francisco G and Torkar, Richard},
  booktitle={Proceedings of the 6th International Workshop on Realizing Artificial Intelligence Synergies in Software Engineering},
  pages={35--41},
  year={2018}
}

@inproceedings{sovrano2020modelling,
  title={Modelling GDPR-compliant explanations for trustworthy AI},
  author={Sovrano, Francesco and Vitali, Fabio and Palmirani, Monica},
  booktitle={Electronic Government and the Information Systems Perspective: 9th International Conference, EGOVIS 2020, Bratislava, Slovakia, September 14--17, 2020, Proceedings 9},
  pages={219--233},
  year={2020},
  organization={Springer}
}

@article{gal2020competitive,
  title={The competitive effects of the GDPR},
  author={Gal, Michal S and Aviv, Oshrit},
  journal={Journal of Competition Law \& Economics},
  volume={16},
  number={3},
  pages={349--391},
  year={2020},
  publisher={Oxford University Press}
}

@article{veale2021demystifying,
  title={Demystifying the Draft EU Artificial Intelligence Act—Analysing the good, the bad, and the unclear elements of the proposed approach},
  author={Veale, Michael and Zuiderveen Borgesius, Frederik},
  journal={Computer Law Review International},
  volume={22},
  number={4},
  pages={97--112},
  year={2021},
  publisher={Verlag Dr. Otto Schmidt}
}

@inproceedings{serban2021practices,
  title={Practices for engineering trustworthy machine learning applications},
  author={Serban, Alex and van der Blom, Koen and Hoos, Holger and Visser, Joost},
  booktitle={2021 IEEE/ACM 1st Workshop on AI engineering-software engineering for AI (WAIN)},
  pages={97--100},
  year={2021},
  organization={IEEE}
}

@article{gonzalez2022trustworthy,
  title={Trustworthy AI: closing the gap between development and integration of AI systems in ophthalmic practice},
  author={Gonz{\'a}lez-Gonzalo, Cristina and Thee, Eric F and Klaver, Caroline CW and Lee, Aaron Y and Schlingemann, Reinier O and Tufail, Adnan and Verbraak, Frank and S{\'a}nchez, Clara I},
  journal={Progress in retinal and eye research},
  volume={90},
  pages={101034},
  year={2022},
  publisher={Elsevier}
}

@misc{ai2019high,
  title={High-level expert group on artificial intelligence},
  author={AI, HLEG},
  journal={Ethics guidelines for trustworthy AI},
  pages={6},
  year={2019},
  publisher={European Commission. Available at: https://ec. europa. eu/digital-single~…}
}