@inproceedings{lwakatare2019taxonomy,
  title={A taxonomy of software engineering challenges for machine learning systems: An empirical investigation},
  author={Lwakatare, Lucy Ellen and Raj, Aiswarya and Bosch, Jan and Olsson, Helena Holmstr{\"o}m and Crnkovic, Ivica},
  booktitle={Agile Processes in Software Engineering and Extreme Programming: 20th International Conference, XP 2019, Montr{\'e}al, QC, Canada, May 21--25, 2019, Proceedings 20},
  pages={227--243},
  year={2019},
  organization={Springer International Publishing}
}

@inproceedings{amershiSoftwareEngineeringMachine2019,
  title = {Software {{Engineering}} for {{Machine Learning}}: {{A Case Study}}},
  booktitle = {2019 {{IEEE}}/{{ACM}} 41st {{International Conference}} on {{Software Engineering}}: {{Software Engineering}} in {{Practice}} ({{ICSE-SEIP}})},
  author = {Amershi, Saleema and Begel, Andrew and Bird, Christian and DeLine, Robert and Gall, Harald and Kamar, Ece and Nagappan, Nachiappan and Nushi, Besmira and Zimmermann, Thomas},
  year = {2019},
  doi = {10.1109/ICSE-SEIP.2019.00042},
  isbn = {978-1-72811-760-7}
}

@inproceedings{bellItJustNot2022,
  title = {It's {{Just Not That Simple}}: {{An Empirical Study}} of the {{Accuracy-Explainability Trade-off}} in {{Machine Learning}} for {{Public Policy}}},
  booktitle = {2022 {{ACM Conference}} on {{Fairness}}, {{Accountability}}, and {{Transparency}}},
  author = {Bell, Andrew and {Solano-Kamaiko}, Ian and Nov, Oded and Stoyanovich, Julia},
  year = {2022},
  doi = {10.1145/3531146.3533090},
  isbn = {978-1-4503-9352-2}
}

@article{durelliMachineLearningApplied2019,
  title = {Machine {{Learning Applied}} to {{Software Testing}}: {{A Systematic Mapping Study}}},
  author = {Durelli, Vinicius H. S. and Durelli, Rafael S. and Borges, Simone S. and Endo, Andre T. and Eler, Marcelo M. and Dias, Diego R. C. and Guimaraes, Marcelo P.},
  year = {2019},
  journal = {IEEE Transactions on Reliability},
  volume = {68},
  issn = {0018-9529, 1558-1721},
  doi = {10.1109/TR.2019.2892517}
}

@article{fujiiGuidelinesQualityAssurance2020,
  title = {Guidelines for {{Quality Assurance}} of {{Machine Learning-Based Artificial Intelligence}}},
  author = {Fujii, Gaku and Hamada, Koichi and Ishikawa, Fuyuki and Masuda, Satoshi and Matsuya, Mineo and Myojin, Tomoyuki and Nishi, Yasuharu and Ogawa, Hideto and Toku, Takahiro and Tokumoto, Susumu and Tsuchiya, Kazunori and Ujita, Yasuhiro},
  year = {2020},
  journal = {International Journal of Software Engineering and Knowledge Engineering},
  volume = {30},
  issn = {0218-1940, 1793-6403},
  doi = {10.1142/S0218194020400227}
}

@inproceedings{gonzalezStateMLuniverse102020,
  title = {The {{State}} of the {{ML-universe}}: 10 {{Years}} of {{Artificial Intelligence}} \& {{Machine Learning Software Development}} on {{GitHub}}},
  booktitle = {Proceedings of the 17th {{International Conference}} on {{Mining Software Repositories}}},
  author = {Gonzalez, Danielle and Zimmermann, Thomas and Nagappan, Nachiappan},
  year = {2020},
  doi = {10.1145/3379597.3387473},
  isbn = {978-1-4503-7517-7}
}

@article{maheshkumarthotaSurveySoftwareDefect2020,
  title = {Survey on Software Defect Prediction Techniques},
  author = {{Mahesh Kumar Thota} and {Francis H Shajin} and {P. Rajesh}},
  year = {2020},
  journal = {International Journal of Applied Science and Engineering},
  volume = {17},
  issn = {1727-2394},
  doi = {10.6703/IJASE.202012_17(4).331}
}

@article{riccioTestingMachineLearning2020,
  title = {Testing Machine Learning Based Systems: A Systematic Mapping},
  author = {Riccio, Vincenzo and Jahangirova, Gunel and Stocco, Andrea and Humbatova, Nargiz and Weiss, Michael and Tonella, Paolo},
  year = {2020},
  journal = {Empirical Software Engineering},
  volume = {25},
  issn = {1382-3256, 1573-7616},
  doi = {10.1007/s10664-020-09881-0}
}

@inproceedings{ruvimovaExploratoryStudyProductivity2022,
  title = {An Exploratory Study of Productivity Perceptions in Software Teams},
  booktitle = {Proceedings of the 44th {{International Conference}} on {{Software Engineering}}},
  author = {Ruvimova, Anastasia and Lill, Alexander and Gugler, Jan and Howe, Lauren and Huang, Elaine and Murphy, Gail and Fritz, Thomas},
  year = {2022},
  doi = {10.1145/3510003.3510081},
  isbn = {978-1-4503-9221-1}
}

@article{shinEffectsExplainabilityCausability2021,
  title = {The Effects of Explainability and Causability on Perception, Trust, and Acceptance: {{Implications}} for Explainable {{AI}}},
  author = {Shin, Donghee},
  year = {2021},
  journal = {International Journal of Human-Computer Studies},
  volume = {146},
  issn = {10715819},
  doi = {10.1016/j.ijhcs.2020.102551}
}

@inproceedings{zhengWujiAutomaticOnline2019,
  title = {Wuji: {{Automatic Online Combat Game Testing Using Evolutionary Deep Reinforcement Learning}}},
  booktitle = {2019 34th {{IEEE}}/{{ACM International Conference}} on {{Automated Software Engineering}} ({{ASE}})},
  author = {Zheng, Yan and Xie, Xiaofei and Su, Ting and Ma, Lei and Hao, Jianye and Meng, Zhaopeng and Liu, Yang and Shen, Ruimin and Chen, Yingfeng and Fan, Changjie},
  year = {2019},
  doi = {10.1109/ASE.2019.00077},
  isbn = {978-1-72812-508-4}
}
