@inproceedings {ongaro2014search,
author = {Diego Ongaro and John Ousterhout},
title = {In Search of an Understandable Consensus Algorithm},
booktitle = {2014 {USENIX} Annual Technical Conference ({USENIX} {ATC} 14)},
year = {2014},
isbn = {978-1-931971-10-2},
address = {Philadelphia, PA},
pages = {305--319},
url = {https://www.usenix.org/conference/atc14/technical-sessions/presentation/ongaro},
publisher = {{USENIX} Association},
month = jun,
}

@article{Lamport2001PaxosMS,
  title={Paxos made simple},
  author={Lamport, Leslie and others},
  journal={ACM Sigact News},
  volume={32},
  number={4},
  pages={18--25},
  year={2001}
}

@inproceedings{hunt2010zookeeper,
  title={ZooKeeper: Wait-free Coordination for Internet-scale Systems.},
  author={Hunt, Patrick and Konar, Mahadev and Junqueira, Flavio Paiva and Reed, Benjamin},
  booktitle={USENIX annual technical conference},
  volume={8},
  number={9},
  year={2010}
}

@inproceedings{jensen2021examining,
  title={Examining Raft's behaviour during partial network failures},
  author={Jensen, Chris and Howard, Heidi and Mortier, Richard},
  booktitle={Proceedings of the 1st Workshop on High Availability and Observability of Cloud Systems},
  pages={11--17},
  year={2021}
}

@misc{heidicrap,
  title = {A Byzantine failure in the real world.},
  author={Lianza, Tom and Snook, Chris},
  year={2020},
  howpublished = {\url{https://blog.cloudflare.com/a-byzantine-failure-in-the-real-world/}},
  note = {Accessed: 2023-05-05}
}

@misc{elastic-partial,
  title = {ElasticSearch-Partial network partition and retries},
  howpublished = {\url{https://github.com/elastic/elasticsearch/issues/6105}},
  year = 2014,
  note = {Accessed: 2023-05-05}
}

@misc{health-checking,
  title = {Healthchecking is Not Transitive},
   howpublished = {\url{https://www.robustperception.io/healthchecking-is-not-transitive}},
  year = 2015,
  note = {Accessed: 2023-05-05}
}

@misc{elastic-upgrade,
  title = {ElasticSearch-cluster broken after switches upgrade},
   howpublished = {\url{https://github.com/elastic/elasticsearch/issues/9495}},
  year = 2015,
  note = {Accessed: 2023-05-05}
}

@misc{mapreduce-issue,
  title = {MapReduce-using map output fetch failures to blacklist nodes is problematic},
   howpublished = {\url{https://issues.apache.org/jira/browse/MAPREDUCE-1800}},
  year = 2010,
  note = {Accessed: 2023-05-05}
}

@article{corbett2013spanner,
  title={Spanner: Googleâ€™s globally distributed database},
  author={Corbett, James C and Dean, Jeffrey and Epstein, Michael and Fikes, Andrew and Frost, Christopher and Furman, Jeffrey John and Ghemawat, Sanjay and Gubarev, Andrey and Heiser, Christopher and Hochschild, Peter and others},
  journal={ACM Transactions on Computer Systems (TOCS)},
  volume={31},
  number={3},
  pages={1--22},
  year={2013},
  publisher={ACM New York, NY, USA}
}

@inproceedings{taft2020cockroachdb,
  title={Cockroachdb: The resilient geo-distributed sql database},
  author={Taft, Rebecca and Sharif, Irfan and Matei, Andrei and VanBenschoten, Nathan and Lewis, Jordan and Grieger, Tobias and Niemi, Kai and Woods, Andy and Birzin, Anne and Poss, Raphael and others},
  booktitle={Proceedings of the 2020 ACM SIGMOD International Conference on Management of Data},
  pages={1493--1509},
  year={2020}
}

@article{huang2020tidb,
  title={TiDB: a Raft-based HTAP database},
  author={Huang, Dongxu and Liu, Qi and Cui, Qiu and Fang, Zhuhe and Ma, Xiaoyu and Xu, Fei and Shen, Li and Tang, Liu and Zhou, Yuxing and Huang, Menglong and others},
  journal={Proceedings of the VLDB Endowment},
  volume={13},
  number={12},
  pages={3072--3084},
  year={2020},
  publisher={VLDB Endowment}
}

@article{ng2023unicache,
  title={UniCache: Efficient Log Replication through Learning Workload Patterns},
  author={Ng, Harald and Wu, Kun and Carbone, Paris},
  year={2023}
}

@article{huynh2022energy,
  title={Energy consumption and Bitcoin market},
  author={Huynh, Anh Ngoc Quang and Duong, Duy and Burggraf, Tobias and Luong, Hien Thi Thu and Bui, Nam Huu},
  journal={Asia-Pacific Financial Markets},
  volume={29},
  number={1},
  pages={79--93},
  year={2022},
  publisher={Springer}
}

@inproceedings{ng2023omni,
  title={Omni-Paxos: Breaking the Barriers of Partial Connectivity},
  author={Ng, Harald and Haridi, Seif and Carbone, Paris},
  booktitle={Proceedings of the Eighteenth European Conference on Computer Systems},
  pages={314--330},
  year={2023}
}