@inproceedings{restrepo2022human,
  title={Human Aspects in Software Development: A Systematic Mapping Study},
  author={Restrepo-Tamayo, Luz Marcela and Gasca-Hurtado, Gloria Piedad},
  booktitle={International Conference on Collaboration Technologies and Social Computing},
  pages={1--22},
  year={2022},
  organization={Springer}
}

@article{sanchez2023perspective,
  title={A Perspective on the Role of Human Behaviors in Software Development: Voice and Silence},
  author={S{\'a}nchez-Gord{\'o}n, Mary and Colomo-Palacios, Ricardo and Akbar, Muhammad Azeem and Holone, Monica Kristiansen},
  journal={arXiv preprint arXiv:2304.12903},
  year={2023}
}

@misc{def_humanfactors, title={Introduction to human factors}, url={https://www.hse.gov.uk/humanfactors/introduction.htm}, journal={Human factors/ergonomics â€“ Introduction to human factors}} 