@inproceedings{brachmann2017dsac,
  title={Dsac-differentiable ransac for camera localization},
  author={Brachmann, Eric and Krull, Alexander and Nowozin, Sebastian and Shotton, Jamie and Michel, Frank and Gumhold, Stefan and Rother, Carsten},
  booktitle={Proceedings of the IEEE conference on computer vision and pattern recognition},
  pages={6684--6692},
  year={2017}
}
@article{gould2021deep,
  title={Deep declarative networks},
  author={Gould, Stephen and Hartley, Richard and Campbell, Dylan},
  journal={IEEE Transactions on Pattern Analysis and Machine Intelligence},
  volume={44},
  number={8},
  pages={3988--4004},
  year={2021},
  publisher={IEEE}
}

@misc{anthony2020carbontracker,
  title={Carbontracker: Tracking and Predicting the Carbon Footprint of Training Deep Learning Models},
  author={Lasse F. Wolff Anthony and Benjamin Kanding and Raghavendra Selvan},
  howpublished={ICML Workshop on Challenges in Deploying and monitoring Machine Learning Systems},
  month={July},
  note={arXiv:2007.03051},
  year={2020}}

@article{sculley2015hidden,
  title={Hidden technical debt in machine learning systems},
  author={Sculley, David and Holt, Gary and Golovin, Daniel and Davydov, Eugene and Phillips, Todd and Ebner, Dietmar and Chaudhary, Vinay and Young, Michael and Crespo, Jean-Francois and Dennison, Dan},
  journal={Advances in neural information processing systems},
  volume={28},
  year={2015}
}

@article{paleyes2022challenges,
  title={Challenges in deploying machine learning: a survey of case studies},
  author={Paleyes, Andrei and Urma, Raoul-Gabriel and Lawrence, Neil D},
  journal={ACM Computing Surveys},
  volume={55},
  number={6},
  pages={1--29},
  year={2022},
  publisher={ACM New York, NY}
}

@inproceedings{srivastava2020empirical,
  title={An empirical analysis of backward compatibility in machine learning systems},
  author={Srivastava, Megha and Nushi, Besmira and Kamar, Ece and Shah, Shital and Horvitz, Eric},
  booktitle={Proceedings of the 26th ACM SIGKDD International Conference on Knowledge Discovery \& Data Mining},
  pages={3272--3280},
  year={2020}
}