@article{martinez2022software,
  title={Software engineering for AI-based systems: a survey},
  author={Mart{\'\i}nez-Fern{\'a}ndez, Silverio and Bogner, Justus and Franch, Xavier and Oriol, Marc and Siebert, Julien and Trendowicz, Adam and Vollmer, Anna Maria and Wagner, Stefan},
  journal={ACM Transactions on Software Engineering and Methodology (TOSEM)},
  volume={31},
  number={2},
  pages={1--59},
  year={2022},
  publisher={ACM New York, NY}
}
@article{gervasi2019ambiguity,
  title={Ambiguity in requirements engineering: towards a unifying framework},
  author={Gervasi, Vincenzo and Ferrari, Alessio and Zowghi, Didar and Spoletini, Paola},
  journal={From Software Engineering to Formal Methods and Tools, and Back: Essays Dedicated to Stefania Gnesi on the Occasion of Her 65th Birthday},
  pages={191--210},
  year={2019},
  publisher={Springer}
}
@article{akbar2020systematic,
  title={A systematic study to improve the requirements engineering process in the domain of global software development},
  author={Akbar, Muhammad Azeem and Alsanad, Ahmed and Mahmood, Sajjad and Alsanad, Abeer Abdulaziz and Gumaei, Abdu},
  journal={IEEE Access},
  volume={8},
  pages={53374--53393},
  year={2020},
  publisher={IEEE}
}

@article{gezici2022systematic,
  title={Systematic literature review on software quality for AI-based software},
  author={Gezici, Bahar and Tarhan, Ay{\c{c}}a Koluk{\i}sa},
  journal={Empirical Software Engineering},
  volume={27},
  number={3},
  pages={66},
  year={2022},
  publisher={Springer}
}

@article{ozkaya2020really,
  title={What is really different in engineering AI-enabled systems?},
  author={Ozkaya, Ipek},
  journal={IEEE software},
  volume={37},
  number={4},
  pages={3--6},
  year={2020},
  publisher={IEEE}
}
