
% FedDebug 
@article{gill2023feddebug,
  title={FedDebug: Systematic Debugging for Federated Learning Applications},
  author={Gill, Waris and Anwar, Ali and Gulzar, Muhammad Ali},
  journal={arXiv preprint arXiv:2301.03553},
  year={2023}
}


% differential privacy
@article{wei2020federated,
  title={Federated learning with differential privacy: Algorithms and performance analysis},
  author={Wei, Kang and Li, Jun and Ding, Ming and Ma, Chuan and Yang, Howard H and Farokhi, Farhad and Jin, Shi and Quek, Tony QS and Poor, H Vincent},
  journal={IEEE Transactions on Information Forensics and Security},
  volume={15},
  pages={3454--3469},
  year={2020},
  publisher={IEEE}
}

% data validation 
@inproceedings{li2021ditto,
  title={Ditto: Fair and robust federated learning through personalization},
  author={Li, Tian and Hu, Shengyuan and Beirami, Ahmad and Smith, Virginia},
  booktitle={International Conference on Machine Learning},
  pages={6357--6368},
  year={2021},
  organization={PMLR}
}

% white-box testing 
@inproceedings{guo2020audee,
  title={Audee: Automated testing for deep learning frameworks},
  author={Guo, Qianyu and Xie, Xiaofei and Li, Yi and Zhang, Xiaoyu and Liu, Yang and Li, Xiaohong and Shen, Chao},
  booktitle={Proceedings of the 35th IEEE/ACM International Conference on Automated Software Engineering},
  pages={486--498},
  year={2020}
}



% boundary value analysis
@article{guo2021aeva,
  title={Aeva: Black-box backdoor detection using adversarial extreme value analysis},
  author={Guo, Junfeng and Li, Ang and Liu, Cong},
  journal={arXiv preprint arXiv:2110.14880},
  year={2021}
}


% oracle problem, distance metric 
@inproceedings{zhang2022fldetector,
  title={FLDetector: Defending federated learning against model poisoning attacks via detecting malicious clients},
  author={Zhang, Zaixi and Cao, Xiaoyu and Jia, Jinyuan and Gong, Neil Zhenqiang},
  booktitle={Proceedings of the 28th ACM SIGKDD Conference on Knowledge Discovery and Data Mining},
  pages={2545--2555},
  year={2022}
}


% technical debt
@article{sculley2015hidden,
  title={Hidden technical debt in machine learning systems},
  author={Sculley, David and Holt, Gary and Golovin, Daniel and Davydov, Eugene and Phillips, Todd and Ebner, Dietmar and Chaudhary, Vinay and Young, Michael and Crespo, Jean-Francois and Dennison, Dan},
  journal={Advances in neural information processing systems},
  volume={28},
  year={2015}
}


% SMC
@inproceedings{bonawitz2017practical,
  title={Practical secure aggregation for privacy-preserving machine learning},
  author={Bonawitz, Keith and Ivanov, Vladimir and Kreuter, Ben and Marcedone, Antonio and McMahan, H Brendan and Patel, Sarvar and Ramage, Daniel and Segal, Aaron and Seth, Karn},
  booktitle={proceedings of the 2017 ACM SIGSAC Conference on Computer and Communications Security},
  pages={1175--1191},
  year={2017}
}


@article{kairouz2021advances,
  title={Advances and open problems in federated learning},
  author={Kairouz, Peter and McMahan, H Brendan and Avent, Brendan and Bellet, Aur{\'e}lien and Bennis, Mehdi and Bhagoji, Arjun Nitin and Bonawitz, Kallista and Charles, Zachary and Cormode, Graham and Cummings, Rachel and others},
  journal={Foundations and Trends{\textregistered} in Machine Learning},
  volume={14},
  number={1--2},
  pages={1--210},
  year={2021},
  publisher={Now Publishers, Inc.}
}


% gradient leakage 
@article{wei2020framework,
  title={A framework for evaluating gradient leakage attacks in federated learning},
  author={Wei, Wenqi and Liu, Ling and Loper, Margaret and Chow, Ka-Ho and Gursoy, Mehmet Emre and Truex, Stacey and Wu, Yanzhao},
  journal={arXiv preprint arXiv:2004.10397},
  year={2020}
}


% FL
@inproceedings{mcmahan2017,
  title={Communication-efficient learning of deep networks from decentralized data},
  author={McMahan, Brendan and Moore, Eider and Ramage, Daniel and Hampson, Seth and y Arcas, Blaise Aguera},
  booktitle={Artificial intelligence and statistics},
  pages={1273--1282},
  year={2017},
  organization={PMLR}
}