@article{parker2022automated,
  title={Automated reinforcement learning (autorl): A survey and open problems},
  author={Parker-Holder, Jack and Rajan, Raghu and Song, Xingyou and Biedenkapp, Andr{\'e} and Miao, Yingjie and Eimer, Theresa and Zhang, Baohe and Nguyen, Vu and Calandra, Roberto and Faust, Aleksandra and others},
  journal={Journal of Artificial Intelligence Research},
  volume={74},
  pages={517--568},
  year={2022}
}

@article{he2021automl,
  title={AutoML: A survey of the state-of-the-art},
  author={He, Xin and Zhao, Kaiyong and Chu, Xiaowen},
  journal={Knowledge-Based Systems},
  volume={212},
  pages={106622},
  year={2021},
  publisher={Elsevier}
}

@article{szaboova2020emotion,
  title={Emotion analysis in human--robot interaction},
  author={Szab{\'o}ov{\'a}, Martina and Sarnovsk{\`y}, Martin and Maslej Kre{\v{s}}{\v{n}}{\'a}kov{\'a}, Viera and Machov{\'a}, Krist{\'\i}na},
  journal={Electronics},
  volume={9},
  number={11},
  pages={1761},
  year={2020},
  publisher={MDPI}
}

@inproceedings{garcia2020robotics,
  title={Robotics software engineering: A perspective from the service robotics domain},
  author={Garc{\'\i}a, Sergio and Str{\"u}ber, Daniel and Brugali, Davide and Berger, Thorsten and Pelliccione, Patrizio},
  booktitle={Proceedings of the 28th ACM Joint Meeting on European Software Engineering Conference and Symposium on the Foundations of Software Engineering},
  pages={593--604},
  year={2020}
}

@article{macenski2022robot,
  title={Robot Operating System 2: Design, architecture, and uses in the wild},
  author={Macenski, Steven and Foote, Tully and Gerkey, Brian and Lalancette, Chris and Woodall, William},
  journal={Science Robotics},
  volume={7},
  number={66},
  pages={eabm6074},
  year={2022},
  publisher={American Association for the Advancement of Science}
}

@inproceedings{byambasuren2020application,
  title={Application of image processing and industrial robot arm for quality assurance process of production},
  author={Byambasuren, Bat-Erdene and Baasanjav, Tuvshinsanaa and Myagmarjav, Tsolmon and Baatar, Bilguun},
  booktitle={2020 IEEE Region 10 Symposium (TENSYMP)},
  pages={526--530},
  year={2020},
  organization={IEEE}
}

@inproceedings{scher2020warehouse,
  title={Warehouse automation in a day: from model to implementation with provable guarantees},
  author={Scher, Guy and Kress-Gazit, Hadas},
  booktitle={2020 IEEE 16th International Conference on Automation Science and Engineering (CASE)},
  pages={280--287},
  year={2020},
  organization={IEEE}
}