@article{kaushik2019learning,
  title={Learning the difference that makes a difference with counterfactually-augmented data},
  author={Kaushik, Divyansh and Hovy, Eduard and Lipton, Zachary C},
  journal={arXiv preprint arXiv:1909.12434},
  year={2019}
}


@article{mccoy2019right,
  title={Right for the wrong reasons: Diagnosing syntactic heuristics in natural language inference},
  author={McCoy, R Thomas and Pavlick, Ellie and Linzen, Tal},
  journal={arXiv preprint arXiv:1902.01007},
  year={2019}
}

@article{renggli2019continuous,
  title={Continuous integration of machine learning models with ease. ml/ci: Towards a rigorous yet practical treatment},
  author={Renggli, Cedric and Karla{\v{s}}, Bojan and Ding, Bolin and Liu, Feng and Schawinski, Kevin and Wu, Wentao and Zhang, Ce},
  journal={Proceedings of Machine Learning and Systems},
  volume={1},
  pages={322--333},
  year={2019}
}