@inproceedings{ross2023programmer,
  title={The programmer’s assistant: Conversational interaction with a large language model for software development},
  author={Ross, Steven I and Martinez, Fernando and Houde, Stephanie and Muller, Michael and Weisz, Justin D},
  booktitle={Proceedings of the 28th International Conference on Intelligent User Interfaces},
  pages={491--514},
  year={2023}
}

@inproceedings{bhattacharjya2022exploratory,
  title={An Exploratory Study on Chatbots},
  author={Bhattacharjya, Aniruddha and Punyamurthi, Ankitha and Lakshmi, Sahithi Atota and Iragala, Anvesh and Thallapureddy, Mani Chandana and Kannaiah, Sathish Kumar},
  booktitle={2022 2nd International Conference on Electronic and Electrical Engineering and Intelligent System (ICE3IS)},
  pages={340--344},
  year={2022},
  organization={IEEE}
}
@inproceedings{erlenhov2020empirical,
  title={An empirical study of bots in software development: Characteristics and challenges from a practitioner’s perspective},
  author={Erlenhov, Linda and Neto, Francisco Gomes De Oliveira and Leitner, Philipp},
  booktitle={Proceedings of the 28th ACM joint meeting on european software engineering conference and symposium on the foundations of software engineering},
  pages={445--455},
  year={2020}
}
@article{hasal2021chatbots,
  title={Chatbots: Security, privacy, data protection, and social aspects},
  author={Hasal, Martin and Nowakov{\'a}, Jana and Ahmed Saghair, Khalifa and Abdulla, Hussam and Sn{\'a}{\v{s}}el, V{\'a}clav and Ogiela, Lidia},
  journal={Concurrency and Computation: Practice and Experience},
  volume={33},
  number={19},
  pages={e6426},
  year={2021},
  publisher={Wiley Online Library}
}

@article{dong2023codegenration,
  title={Self-collaboration Code Generation via ChatGPT},
  author={Dong, Yihong and Jiang, Xue and Jin, Zhi and Li, Ge},
  journal={arXiv preprint arXiv:2304.07590},
  year={2023}
}

@inproceedings{lemieux2023codamosa,
  title={CODAMOSA: Escaping coverage plateaus in test generation with pre-trained large language models},
  author={Lemieux, Caroline and Inala, Jeevana Priya and Lahiri, Shuvendu K and Sen, Siddhartha},
  booktitle={International conference on software engineering (ICSE)},
  year={2023}
}