@article{DBLP:journals/corr/abs-2104-10350,
  author       = {David A. Patterson and
                  Joseph Gonzalez and
                  Quoc V. Le and
                  Chen Liang and
                  Lluis{-}Miquel Munguia and
                  Daniel Rothchild and
                  David R. So and
                  Maud Texier and
                  Jeff Dean},
  title        = {Carbon Emissions and Large Neural Network Training},
  journal      = {CoRR},
  volume       = {abs/2104.10350},
  year         = {2021},
  url          = {https://arxiv.org/abs/2104.10350},
  eprinttype    = {arXiv},
  eprint       = {2104.10350},
  timestamp    = {Thu, 13 Apr 2023 19:55:40 +0200},
  biburl       = {https://dblp.org/rec/journals/corr/abs-2104-10350.bib},
  bibsource    = {dblp computer science bibliography, https://dblp.org}
}

@inproceedings{DBLP:conf/nips/SculleyHGDPECYC15,
  author       = {D. Sculley and
                  Gary Holt and
                  Daniel Golovin and
                  Eugene Davydov and
                  Todd Phillips and
                  Dietmar Ebner and
                  Vinay Chaudhary and
                  Michael Young and
                  Jean{-}Fran{\c{c}}ois Crespo and
                  Dan Dennison},
  editor       = {Corinna Cortes and
                  Neil D. Lawrence and
                  Daniel D. Lee and
                  Masashi Sugiyama and
                  Roman Garnett},
  title        = {Hidden Technical Debt in Machine Learning Systems},
  booktitle    = {Advances in Neural Information Processing Systems 28: Annual Conference
                  on Neural Information Processing Systems 2015, December 7-12, 2015,
                  Montreal, Quebec, Canada},
  pages        = {2503--2511},
  year         = {2015},
  url          = {https://proceedings.neurips.cc/paper/2015/hash/86df7dcfd896fcaf2674f757a2463eba-Abstract.html},
  timestamp    = {Mon, 16 May 2022 15:41:51 +0200},
  biburl       = {https://dblp.org/rec/conf/nips/SculleyHGDPECYC15.bib},
  bibsource    = {dblp computer science bibliography, https://dblp.org}
}

@inproceedings{DBLP:conf/icse/AmershiBBDGKNN019,
  author       = {Saleema Amershi and
                  Andrew Begel and
                  Christian Bird and
                  Robert DeLine and
                  Harald C. Gall and
                  Ece Kamar and
                  Nachiappan Nagappan and
                  Besmira Nushi and
                  Thomas Zimmermann},
  editor       = {Helen Sharp and
                  Mike Whalen},
  title        = {Software engineering for machine learning: a case study},
  booktitle    = {Proceedings of the 41st International Conference on Software Engineering:
                  Software Engineering in Practice, {ICSE} {(SEIP)} 2019, Montreal,
                  QC, Canada, May 25-31, 2019},
  pages        = {291--300},
  publisher    = {{IEEE} / {ACM}},
  year         = {2019},
  url          = {https://doi.org/10.1109/ICSE-SEIP.2019.00042},
  doi          = {10.1109/ICSE-SEIP.2019.00042},
  timestamp    = {Tue, 29 Dec 2020 18:35:14 +0100},
  biburl       = {https://dblp.org/rec/conf/icse/AmershiBBDGKNN019.bib},
  bibsource    = {dblp computer science bibliography, https://dblp.org}
}

@article{DBLP:journals/tse/KimZDB18,
  author       = {Miryung Kim and
                  Thomas Zimmermann and
                  Robert DeLine and
                  Andrew Begel},
  title        = {Data Scientists in Software Teams: State of the Art and Challenges},
  journal      = {{IEEE} Trans. Software Eng.},
  volume       = {44},
  number       = {11},
  pages        = {1024--1038},
  year         = {2018},
  url          = {https://doi.org/10.1109/TSE.2017.2754374},
  doi          = {10.1109/TSE.2017.2754374},
  timestamp    = {Sat, 01 Dec 2018 17:44:39 +0100},
  biburl       = {https://dblp.org/rec/journals/tse/KimZDB18.bib},
  bibsource    = {dblp computer science bibliography, https://dblp.org}
}