
@article{kusne_--fly_2020,
	title = {On-the-fly closed-loop materials discovery via Bayesian active learning},
	volume = {11},
	rights = {2020 This is a U.S. government work and not under copyright protection in the U.S.; foreign copyright protection may apply},
	issn = {2041-1723},
	url = {https://www.nature.com/articles/s41467-020-19597-w},
	doi = {10.1038/s41467-020-19597-w},
	pages = {5966},
	number = {1},
	journaltitle = {Nature Communications},
    journal = {Nature Communications},
	shortjournal = {Nat Commun},
	author = {Kusne, A. Gilad and Yu, Heshan and Wu, Changming and Zhang, Huairuo and Hattrick-Simpers, Jason and {DeCost}, Brian and Sarker, Suchismita and Oses, Corey and Toher, Cormac and Curtarolo, Stefano and Davydov, Albert V. and Agarwal, Ritesh and Bendersky, Leonid A. and Li, Mo and Mehta, Apurva and Takeuchi, Ichiro},
	urldate = {2023-08-29},
	date = {2020-11-24},
    year = {2020},
	langid = {english},
	note = {Number: 1
Publisher: Nature Publishing Group},
	keywords = {Characterization and analytical techniques, Information storage},
}

@article{lamprecht_towards_2020,
	title = {Towards {FAIR} principles for\&nbsp;research\&nbsp;software},
	volume = {3},
	issn = {2451-8484},
	url = {https://content.iospress.com/articles/data-science/ds190026},
	doi = {10.3233/DS-190026},
	pages = {37--59},
	number = {1},
	journaltitle = {Data Science},
    journal = {Data Science},
	author = {Lamprecht, Anna-Lena and Garcia, Leyla and Kuzak, Mateusz and Martinez, Carlos and Arcila, Ricardo and Martin Del Pico, Eva and Dominguez Del Angel, Victoria and van de Sandt, Stephanie and Ison, Jon and Martinez, Paula Andrea and {McQuilton}, Peter and Valencia, Alfonso and Harrow, Jennifer and Psomopoulos, Fotis and Gelpi, Josep Ll and Chue Hong, Neil and Goble, Carole and Capella-Gutierrez, Salvador},
	urldate = {2023-08-29},
	date = {2020-01-01},
    year = {2020},
	langid = {english},
	note = {Publisher: {IOS} Press},
}
